@article{chen2007range,
	title={On the range maximum-sum segment query problem},
	author={Chen, Kuan-Yu and Chao, Kun-Mao},
	journal={Discrete Applied Mathematics},
	volume={155},
	number={16},
	pages={2043--2052},
	year={2007},
	publisher={Elsevier}
}

@inproceedings{lee2007simple,
  title={A Simple and Compact Algorithm for the RMQ and Its Application to the Longest Common Repeat Problem},
  author={Lee, Inbok and Song, Ha Yoon},
  booktitle={International Conference on Adaptive and Natural Computing Algorithms},
  pages={554--561},
  year={2007},
  organization={Springer}
}